@article{pmid22563384,
annote = {[PubMed Central:$\backslash$href\{http://www.ncbi.nlm.nih.gov/pmc/articles/PMC3338511\}\{PMC3338511\}] [DOI:$\backslash$href\{http://dx.doi.org/10.1371/journal.pone.0035430\}\{10.1371/journal.pone.0035430\}] [PubMed:$\backslash$href\{http://www.ncbi.nlm.nih.gov/pubmed/22563384\}\{22563384\}] },
author = {Powell, J E and Henders, A K and McRae, A F and Caracella, A and Smith, S and Wright, M J and Whitfield, J B and Dermitzakis, E T and Martin, N G and Visscher, P M and Montgomery, G W},
file = {:Users/jpowell/Downloads/journal.pone.0035430 (10).pdf:pdf},
journal = {PLoS ONE},
number = {4},
pages = {e35430},
title = {{The brisbane systems genetics study: genetical genomics meets complex trait genetics}},
volume = {7},
year = {2012}
}
